%referenced articles

@article{E02,
	title		=	{E-a brainiac theorem prover},
	author		=	{Schulz, Stephan},
	journal		=	{Ai Communications},
	pages		=	{111--126},
	volume		=	{15},
	number		=	{2},
	year			=	{2002}
}

@article{BAGA01,
  	title		=	{Resolution Theorem Proving.},
  	author		=	{Bachmair, Leo and Ganzinger, Harald},
  	journal		=	{Handbook of automated reasoning},
 	volume		=	{1},
  	pages		=	{19--99},
  	year			=	{2001}
}


%referenced incollections

@incollection{BMUG06,
	title		=	{Blocking and other enhancements for bottom-up model generation methods},
	author		=	{Baumgartner, Peter and Schmidt, Renate A},
	booktitle	=	{Automated Reasoning},
	pages		=	{125--139},
	year			=	{2006},
	publisher	=	{Springer}
}


@incollection{E13,
	year			=	{2013},
	isbn			=	{978-3-642-45220-8},
	booktitle	=	{Logic for Programming, Artificial Intelligence, and Reasoning},
	volume		=	{8312},
	series		=	{Lecture Notes in Computer Science},
	editor		=	{McMillan, Ken and Middeldorp, Aart and Voronkov, Andrei},
	doi			=	{10.1007/978-3-642-45221-5_49},
	title		=	{System Description: E 1.8},
	url			=	{http://dx.doi.org/10.1007/978-3-642-45221-5_49},
	publisher	=	{Springer Berlin Heidelberg},
	author		=	{Schulz, Stephan},
	pages		=	{735-743},
	language		=	{English}
}

@incollection{BGMC,
	title		=	{Constructing Bachmair-Ganzinger Models},
	author		=	{Lynch, Christopher},
	booktitle	=	{Programming Logics},
	pages		=	{285--301},
	year			=	{2013},
	publisher	=	{Springer}
}

@InCollection{sep-logic-classical,
	author       =	{Shapiro, Stewart},
	title        =	{Classical Logic},
	booktitle    =	{The Stanford Encyclopedia of Philosophy},
	editor       =	{Edward N. Zalta},
	howpublished =	{\url{http://plato.stanford.edu/archives/win2013/entries/logic-classical/}},
	year         =	{2013},
	edition      =	{Winter 2013}
}

@InCollection{sep-reasoning-automated,
	author       =	{Portoraro, Frederic},
	title        =	{Automated Reasoning},
	booktitle    =	{The Stanford Encyclopedia of Philosophy},
	editor       =	{Edward N. Zalta},
	howpublished =	{\url{http://plato.stanford.edu/archives/win2014/entries/reasoning-automated/}},
	year         =	{2014},
	edition      =	{Winter 2014}
}

%referenced misc 

@misc{TIMSORT,
  	title		 =	{Proving that Android’s, Java’s and Python’s sorting algorithm is broken (and showing how to fix it)},
  	howpublished	 =	{\url{http://www.envisage-project.eu/proving-android-java-and-python-sorting-algorithm-is-broken-and-how-to-fix-it/}},
	note			 =	{Accessed: 2015-7-27}
}